% Encoding: UTF-8

@inproceedings{Hyperledger, 
author = {Androulaki, Elli and Barger, Artem and Bortnikov, Vita and Cachin, Christian and Christidis, Konstantinos and De Caro, Angelo and Enyeart, David and Ferris, Christopher and Laventman, Gennady and Manevich, Yacov and Muralidharan, Srinivasan and Murthy, Chet and Nguyen, Binh and Sethi, Manish and Singh, Gari and Smith, Keith and Sorniotti, Alessandro and Stathakopoulou, Chrysoula and Vukoli\'{c}, Marko and Cocco, Sharon Weed and Yellick, Jason}, 
title = {Hyperledger Fabric: A Distributed Operating System for Permissioned Blockchains}, 
year = {2018}, 
booktitle = {EuroSys}
}

@inproceedings{CL99:osdi,
  author =	 {Miguel Castro and Barbara Liskov},
  title =	 {Practical byzantine fault tolerance and proactive
                  recovery},
  booktitle =	 {Proceedings of the 3rd Symposium on Operating
                  Systems Design and Implementation},
  year =	 {1999},
  month =	 feb
}

@inproceedings{Poelstra2015DistributedCF,
  title={Distributed Consensus from Proof of Stake is Impossible},
  author={Andrew Poelstra},
  year={2015},
  url={https://api.semanticscholar.org/CorpusID:53311056}
}

@misc{buchman2019latestgossipbftconsensus,
      title={The latest gossip on BFT consensus}, 
      author={Ethan Buchman and Jae Kwon and Zarko Milosevic},
      year={2019},
      eprint={1807.04938},
      archivePrefix={arXiv},
      primaryClass={cs.DC},
      url={https://arxiv.org/abs/1807.04938}, 
}

@article{Lam78,
  Author = {Lamport, L.},
  Title = {Time, Clocks, and the Ordering of Events in a Distributed System},
  Journal = cacm,
  month = jul,
  Year = 1978,
  volume = 21,
  number = 7,
  pages = {558--565}
  }

@article{fischer85,
author = {Fischer, Michael J. and Lynch, Nancy A. and Paterson, Michael S.},
title = {Impossibility of Distributed Consensus with One Faulty Process},
year = {1985},
publisher = {Association for Computing Machinery},
volume = {32},
number = {2},
issn = {0004-5411},
doi = {10.1145/3149.214121},
journal = {J. ACM},
month = apr,
pages = {374--382},
}

@techreport{FR95,
	Address = {Dept. of Computer Science},
	Author = {Roy Friedman and R. van Renesse},
	Institution = {Cornell University},
	Month = jul,
	Note = {Submitted to IEEE Transactions on Networking},
	Number = {94-1527},
	Title = {{Packing Messages as a Tool for Boosting the Performance of Total Ordering Protocols}},
	Year = 1995}

@inproceedings{moraru13,
author = {Moraru, Iulian and Andersen, David G. and Kaminsky, Michael},
title = {There is More Consensus in Egalitarian Parliaments},
year = {2013},
isbn = {9781450323888},
publisher = {Association for Computing Machinery},
url = {https://doi.org/10.1145/2517349.2517350},
doi = {10.1145/2517349.2517350},
booktitle = {Proceedings of the Twenty-Fourth ACM Symposium on Operating Systems Principles},
pages = {358--372},
numpages = {15},
series = {SOSP '13}
}

@inproceedings{MPSP10,
  title = {{Ring Paxos}: A high-throughput atomic broadcast protocol},
  booktitle = {Proceedings of IEEE/IFIP International Conference on Dependable Systems and Networks},
  year = 2010,
  month = jun,
  author = {Parisa Jalili Marandi and Marco Primi and Nicolas Schiper and Fernando Pedone},
  pages = {527--536},
  series = {DSN '10},
  doi = {10.1109/DSN.2010.5544272},
}

@Article{Birman99,
  author    = {Kenneth P. Birman and Mark Hayden and Ozny Ozkasap and Zhen Xiao and Mihai Budiu and Yaron Minsky},
  journal   = {ACM Transactions on Computer Systems ({TOCS})},
  title     = {Bimodal Multicast},
  year      = {1999},
  issn      = {0734-2071},
  month     = may,
  number    = {2},
  pages     = {41--88},
  volume    = {17},
  address   = {New York, NY, USA},
  doi       = {10.1145/312203.312207},
  publisher = {Association for Computing Machinery},
}

@Article{lamport98,
  author  = {Lamport, Leslie},
  journal = {ACM Transactions on Computer Systems},
  title   = {The part-time parliament},
  year    = {1998},
  month   = may,
  number  = {2},
  pages   = {133--169},
  volume  = {16},
  doi     = {10.1145/279227.279229},
}

@Article{Lam06,
  author  = {Lamport, Leslie},
	Journal = {Distributed Computing},
	Month = oct,
	Number = 2,
	Pages = {79--103},
	Publisher = springer,
	Series = lncs,
	Title = {Fast {P}axos},
	Volume = 19,
	Year = 2006,
	doi = {10.1007/s00446-006-0005-x},
}


@Article{schneider90,
  author    = {Fred B. Schneider},
  title     = {Implementing fault-tolerant services using the state machine approach: a tutorial},
  journal   = {ACM Computing Surveys},
  year      = {1990},
  volume    = {22},
  number    = {4},
  pages     = {299--319},
  month     = dec,
  issn      = {0360-0300},
  address   = {New York, NY, USA},
  doi       = {10.1145/98163.98167},
}

@InProceedings{demers87,
  author    = {Alan Demers and Dan Greene and Carl Hauser and Wes Irish and John Larson},
  booktitle = {Proceedings of the sixth annual {ACM} Symposium on Principles of distributed computing - {PODC}'87},
  title     = {Epidemic algorithms for replicated database maintenance},
  year      = {1987},
  publisher = {{ACM} Press},
  doi       = {10.1145/41840.41841},
}

@Article{dwork88,
  author    = {Cynthia Dwork and Nancy Lynch and Larry Stockmeyer},
  journal   = {Journal of the {ACM} ({JACM})},
  title     = {Consensus in the presence of partial synchrony},
  year      = {1988},
  month     = apr,
  number    = {2},
  pages     = {288--323},
  volume    = {35},
  doi       = {10.1145/42282.42283},
  publisher = {Association for Computing Machinery ({ACM})},
}

@TechReport{crain18,
  author      = {Tyler Crain and Christopher Natoli and Vincent Gramoli},
  title       = {Evaluating the Red Belly Blockchain},
  year        = {2018},
  month       = dec,
  date        = {2018-12-31},
  eprint      = {1812.11747v1},
  eprintclass = {cs.CR},
  eprinttype  = {arXiv},
  number      = {arXiv:1812.11747 [cs.CR]},
  url         = {http://arxiv.org/abs/1812.11747},
}

@Article{oppen83,
  author    = {Derek C. Oppen and Yogen K. Dalal},
  journal   = {{ACM} Transactions on Information Systems ({TOIS})},
  title     = {The clearinghouse: a decentralized agent for locating named objects in a distributed environment},
  year      = {1983},
  month     = jul,
  number    = {3},
  pages     = {230--253},
  volume    = {1},
  doi       = {10.1145/357436.357439},
  publisher = {Association for Computing Machinery},
}

@Misc{libp2p,
  title        = {Libp2p},
  howpublished = {\url{https://libp2p.io}},
  note         = {[Accessed 2020-05-17]},
}

@Misc{ltc,
  author       = {Bert Hubert and Gregory Maxwell and Martijn van Oosterhout and Remco van Mook and Paul B. Schroeder and others},
  title        = {Linux Advanced Routing \& Traffic Control {HOWTO}},
  year         = 2002,
  howpublished = {\url{https://lartc.org/lartc.html}},
  note         = {[Accessed 2020-05-17]},
}

@InProceedings{guerraoui16,
  author    = {Rachid Guerraoui and Anne-Marie Kermarrec and Matej Pavlovic and Dragos-Adrian Seredinschi},
  booktitle = {Proceedings of the 17th International Middleware Conference},
  title     = {Atum: Scalable Group Communication Using Volatile Groups},
  year      = {2016},
  month     = nov,
  publisher = {Association for Computing Machinery},
  series    = {Middleware '16},
  articleno = {19},
  doi       = {10.1145/2988336.2988356},
}

@InProceedings{felber02,
  author    = {Pascal Felber and Fernando Pedone},
  booktitle = {Proceeedings of 21st {IEEE} Symposium on Reliable Distributed Systems, 2002},
  title     = {Probabilistic atomic broadcast},
  pages     = {170--179},
  publisher = {IEEE Computer Society},
  series    = {SRDS '02},
  doi       = {10.1109/reldis.2002.1180186},
}

@Article{eugster03,
  author    = {Patrick Th Eugster and Rachid Guerraoui and Sidath B. Handurukande and Petr Kouznetsov and Anne-Marie Kermarrec},
  journal   = {{ACM} Transactions on Computer Systems ({TOCS})},
  title     = {Lightweight probabilistic broadcast},
  year      = {2003},
  month     = nov,
  number    = {4},
  pages     = {341--374},
  volume    = {21},
  doi       = {10.1145/945506.945507},
  publisher = {Association for Computing Machinery},
}
@InProceedings{lin99,
  author    = {Meng-Jang Lin and Keith Marzullo},
  booktitle = {Proceedings of Third European Dependable Computing Conference},
  title     = {Directional Gossip: Gossip in a Wide Area Network},
  year      = {1999},
  month     = sep,
  pages     = {364--379},
  publisher = {Springer Berlin Heidelberg},
  series    = {EDCC-3},
  doi       = {10.1007/3-540-48254-7_25},
}

@InProceedings{birman01,
  author    = {Kenneth P. Birman and Robbert van Renesse and Werner Vogels},
  booktitle = {Proceedings {DARPA} Information Survivability Conference and Exposition {II}},
  title     = {Spinglass: secure and scalable communication tools for mission-critical computing},
  year      = {2001},
  pages     = {85--99},
  publisher = {{IEEE} Comput. Soc},
  series    = {{DISCEX}'01},
  volume    = {2},
  doi       = {10.1109/discex.2001.932161},
}

@Article{gupta02,
  author    = {Indranil Gupta and Kenneth P. Birman and Robbert van Renesse},
  journal   = {Quality and Reliability Engineering International},
  title     = {Fighting fire with fire: using randomized gossip to combat stochastic scalability limits},
  year      = {2002},
  number    = {3},
  pages     = {165--184},
  volume    = {18},
  doi       = {10.1002/qre.473},
  publisher = {Wiley},
}

@InProceedings{melamed04,
  author    = {Roie Melamed and Idit Keidar},
  booktitle = {Proceedings of the Third {IEEE} International Symposium on Network Computing and Applications},
  title     = {Araneola: a scalable reliable multicast system for dynamic environments},
  year      = {2004},
  publisher = {{IEEE}},
  series    = {{NCA} 2004},
  doi       = {10.1109/nca.2004.1347755},
}

@Article{vogels03,
  author    = {Werner Vogels and Robbert van Renesse and Ken Birman},
  journal   = {{ACM} {SIGCOMM} Computer Communication Review},
  title     = {The power of epidemics},
  year      = {2003},
  month     = jan,
  number    = {1},
  pages     = {131--135},
  volume    = {33},
  doi       = {10.1145/774763.774784},
  publisher = {Association for Computing Machinery ({ACM})},
}

@InCollection{renesse98,
  author    = {Robbert van Renesse and Yaron Minsky and Mark Hayden},
  booktitle = {Middleware'98},
  publisher = {Springer London},
  title     = {A Gossip-Style Failure Detection Service},
  year      = {1998},
  pages     = {55--70},
  doi       = {10.1007/978-1-4471-1283-9_4},
}

@Article{ganesh03,
  author    = {Ayalvadi J. Ganesh and Anne-Marie Kermarrec and Laurent Massouli{\'{e}}},
  journal   = {{IEEE} Transactions on Computers},
  title     = {Peer-to-peer membership management for gossip-based protocols},
  year      = {2003},
  month     = feb,
  number    = {2},
  pages     = {139--149},
  volume    = {52},
  doi       = {10.1109/tc.2003.1176982},
  publisher = {Institute of Electrical and Electronics Engineers ({IEEE})},
}

@InCollection{renesse02,
  author    = {Robbert van Renesse and Kenneth Birman and Dan Dumitriu and Werner Vogels},
  booktitle = {Peer-to-Peer Systems},
  publisher = {Springer Berlin Heidelberg},
  title     = {Scalable Management and Data Mining Using Astrolabe*},
  year      = {2002},
  pages     = {280--294},
  doi       = {10.1007/3-540-45748-8_27},
}

@Article{johansen06,
  author    = {H{\aa}vard Johansen and Andr{\'{e}} Allavena and Robbert van Renesse},
  journal   = {{ACM} {SIGOPS} Operating Systems Review},
  title     = {Fireflies: scalable support for intrusion-tolerant network overlays},
  year      = {2006},
  month     = apr,
  number    = {4},
  pages     = {3--13},
  volume    = {40},
  doi       = {10.1145/1218063.1217937},
  publisher = {Association for Computing Machinery},
}

@InProceedings{li08,
  author    = {Harry C. Li and Allen Clement and Micro Marchetti and Manos Kapritsos and Luke Robison and Lorenzo Alvisi and Mike Dahlin},
  booktitle = {Proceedings of the 8th USENIX Conference on Operating Systems Design and Implementation},
  title     = {FlightPath: Obedience vs. Choice in Cooperative Services},
  year      = {2008},
  address   = {USA},
  pages     = {355--368},
  publisher = {USENIX Association},
  series    = {OSDI'08},
  location  = {San Diego, California},
  numpages  = {14},
}

@InProceedings{glendenning11,
  author    = {Lisa Glendenning and Ivan Beschastnikh and Arvind Krishnamurthy and Thomas Anderson},
  booktitle = {Proceedings of the Twenty-Third {ACM} Symposium on Operating Systems Principles},
  title     = {Scalable consistency in Scatter},
  year      = {2011},
  pages     = {15--28},
  publisher = {Association for Computing Machinery},
  series    = {SOSP '11},
  doi       = {10.1145/2043556.2043559},
  location  = {Cascais, Portugal},
}

@InCollection{voulgaris13,
  author    = {Spyros Voulgaris and Maarten van Steen},
  booktitle = {Middleware 2013},
  publisher = {Springer Berlin Heidelberg},
  title     = {Vicinity: A Pinch of Randomness Brings out the Structure},
  year      = {2013},
  pages     = {21--40},
  doi       = {10.1007/978-3-642-45065-5_2},
}

@InProceedings{leitao07,
  author    = {Joao Leitao and Jose Pereira and Luis Rodrigues},
  booktitle = {2007 26th {IEEE} International Symposium on Reliable Distributed Systems ({SRDS} 2007)},
  title     = {Epidemic Broadcast Trees},
  year      = {2007},
  month     = {oct},
  publisher = {{IEEE}},
  doi       = {10.1109/srds.2007.27},
}

@Article{kempe04,
  author    = {David Kempe and Jon Kleinberg and Alan Demers},
  journal   = {Journal of the {ACM} ({JACM})},
  title     = {Spatial gossip and resource location protocols},
  year      = {2004},
  month     = {nov},
  number    = {6},
  pages     = {943--967},
  volume    = {51},
  doi       = {10.1145/1039488.1039491},
  publisher = {Association for Computing Machinery ({ACM})},
}

@ARTICLE{bucham18,
       author = {{Buchman}, Ethan and {Kwon}, Jae and {Milosevic}, Zarko},
        title = "{The latest gossip on BFT consensus}",
      journal = {arXiv e-prints},
     keywords = {Computer Science - Distributed, Parallel, and Cluster Computing},
         year = 2018,
        month = jul,
          eid = {arXiv:1807.04938},
        pages = {arXiv:1807.04938},
archivePrefix = {arXiv},
       eprint = {1807.04938},
 primaryClass = {cs.DC},
       adsurl = {https://ui.adsabs.harvard.edu/abs/2018arXiv180704938B},
      adsnote = {Provided by the SAO/NASA Astrophysics Data System}
}

@TechReport{amsden20,
  author      = {Zachary Amsden and Ramnik Arora and Shehar Bano and Mathieu Baudet and others},
  institution = {The Libra Association},
  title       = {The Libra Blockchain},
  year        = {2020},
  month       = may,
  url         = {https://developers.libra.org/docs/the-libra-blockchain-paper},
  note        = {[Accessed 2020-06-01]},
}

@ARTICLE{maofan18,
       author = {{Yin}, Maofan and {Malkhi}, Dahlia and {Reiter}, Michael K. and
         {Golan Gueta}, Guy and {Abraham}, Ittai},
        title = "{HotStuff: BFT Consensus in the Lens of Blockchain}",
      journal = {arXiv e-prints},
     keywords = {Computer Science - Distributed, Parallel, and Cluster Computing},
         year = 2018,
        month = mar,
          eid = {arXiv:1803.05069},
        pages = {arXiv:1803.05069},
archivePrefix = {arXiv},
       eprint = {1803.05069},
 primaryClass = {cs.DC},
       adsurl = {https://ui.adsabs.harvard.edu/abs/2018arXiv180305069Y},
      adsnote = {Provided by the SAO/NASA Astrophysics Data System}
}

@Misc{libra18,
  author       = {Libra Engineering Team},
  howpublished = {Online},
  month        = jun,
  title        = {Libra: The path forward},
  year         = {2018},
  url          = {https://libra.org/en-US/blog/the-path-forward/},
}

@Article{buterin17,
       author = {{Buterin}, Vitalik and {Griffith}, Virgil},
        title = "{Casper the Friendly Finality Gadget}",
      journal = {arXiv e-prints},
     keywords = {Computer Science - Cryptography and Security},
         year = 2017,
        month = oct,
          eid = {arXiv:1710.09437},
        pages = {arXiv:1710.09437},
archivePrefix = {arXiv},
       eprint = {1710.09437},
 primaryClass = {cs.CR},
       adsurl = {https://ui.adsabs.harvard.edu/abs/2017arXiv171009437B},
      adsnote = {Provided by the SAO/NASA Astrophysics Data System}
}

@Article{erdoes87,
  author    = {P. Erd{\"o}s and J.W. Kennedy},
  journal   = {European Journal of Combinatorics},
  title     = {k-{C}onnectivity in random Graphs},
  year      = {1987},
  month     = {jul},
  number    = {3},
  pages     = {281--286},
  volume    = {8},
  doi       = {10.1016/s0195-6698(87)80032-x},
  publisher = {Elsevier {BV}},
}


@InProceedings{Duplyakin+:ATC19,
    title     = "The Design and Operation of {CloudLab}",
    author    = "Dmitry Duplyakin and Robert Ricci and Aleksander Maricq and Gary Wong and Jonathon Duerig and Eric Eide and Leigh Stoller and Mike Hibler and David Johnson and Kirk Webb and Aditya Akella and Kuangching Wang and Glenn Ricart and Larry Landweber and Chip Elliott and Michael Zink and Emmanuel Cecchet and Snigdhaswin Kar and Prabodh Mishra",
    booktitle = "Proceedings of the {USENIX} Annual Technical Conference (ATC)",
    pages     = "1--14",
    year      = 2019,
    month     = jul,
    url       = "https://www.flux.utah.edu/paper/duplyakin-atc19"
}

@Comment{jabref-meta: databaseType:bibtex;}
